<?xml version="1.0" encoding="UTF-8" ?>
<collection xmlns:xsi="http://www.w3.org/2001/XMLSchema-instance" xsi:schemaLocation="http://www.loc.gov/MARC21/slim http://www.loc.gov/standards/marcxml/schema/MARC21slim.xsd" xmlns="http://www.loc.gov/MARC21/slim">
   <record>
      <leader>     cam a22      a 4500</leader>
      <controlfield tag="001">1923744</controlfield>
      <controlfield tag="003">NIC</controlfield>
      <controlfield tag="005">20141128204546.0</controlfield>
      <controlfield tag="008">910611m1908    ua            000 0 ara d</controlfield>
      <datafield tag="035" ind1=" " ind2=" ">
         <subfield code="a">(NIC)notisAJY7379</subfield>
      </datafield>
      <datafield tag="035" ind1=" " ind2=" ">
         <subfield code="a">(OCoLC)18688988</subfield>
      </datafield>
      <datafield tag="035" ind1=" " ind2=" ">
         <subfield code="a">1923744</subfield>
      </datafield>
      <datafield tag="040" ind1=" " ind2=" ">
         <subfield code="a">NIC</subfield>
         <subfield code="c">NIC</subfield>
      </datafield>
      <datafield tag="043" ind1=" " ind2=" ">
         <subfield code="a">a-su---</subfield>
      </datafield>
      <datafield tag="100" ind1="1" ind2=" ">
         <subfield code="a">Samḥūdī, ʻAlī ibn ʻAbd Allāh,</subfield>
         <subfield code="d">1440-1506.</subfield>
      </datafield>
      <datafield tag="240" ind1="1" ind2="0">
         <subfield code="a">Wafāʾ al-wifā </subfield>
      </datafield>
      <datafield tag="245" ind1="1" ind2="0">
         <subfield code="a">Kitāb wafāʾ al-wifā bi-akhbār dār al-Muṣṭafá /</subfield>
         <subfield code="c">taʾlīf Nūr al-Dīn ʻAlī ibn Jamāl al-Dīn Abū al-Maḥāsin ʻAbd Allāh ibn Shihāb al-Dīn ibn al-ʻAbbās Aḥmad al-Ḥusaynī al-Shāfiʻī al-Samhudī.</subfield>
      </datafield>
      <datafield tag="260" ind1=" " ind2=" ">
         <subfield code="a">Miṣr [Cairo] :</subfield>
         <subfield code="b">Maṭbaʻat al-Ādāb wa-al-Muʾayyad biM̄iṣr,</subfield>
         <subfield code="c">1326-1327 [i.e. 1908-1909]</subfield>
      </datafield>
      <datafield tag="300" ind1=" " ind2=" ">
         <subfield code="a"> 2 v. ;</subfield>
         <subfield code="c">24 cm.</subfield>
      </datafield>
      <datafield tag="650" ind1=" " ind2="0">
         <subfield code="a">Medina (Saudi Arabia)</subfield>
         <subfield code="x">History.</subfield>
      </datafield>
      <datafield tag="655" ind1=" " ind2="7">
         <subfield code="a">History</subfield>
         <subfield code="2">fast</subfield>
         <subfield code="0">(OCoLC)fst01411628</subfield>
      </datafield>
      <datafield tag="740" ind1="0" ind2=" ">
         <subfield code="a">Wafāʾ al-wafā.</subfield>
      </datafield>
      <datafield tag="905" ind1=" " ind2=" ">
         <subfield code="a">19931011120000.0</subfield>
      </datafield>
      <datafield tag="948" ind1="2" ind2=" ">
         <subfield code="a">20141128</subfield>
         <subfield code="b">m</subfield>
         <subfield code="d">batch</subfield>
         <subfield code="e">lts</subfield>
         <subfield code="x">addfast</subfield>
      </datafield>
      <datafield tag="903" ind1=" " ind2=" ">
         <subfield code="a">NYUACO</subfield>
         <subfield code="d">20150421</subfield>
         <subfield code="p">31924068107048</subfield>
      </datafield>
      <datafield tag="950" ind1=" " ind2=" ">
         <subfield code="a">DS248.M5</subfield>
         <subfield code="b">S18</subfield>
         <subfield code="v">juz2 </subfield>
      </datafield>
      <datafield tag="903" ind1=" " ind2=" ">
         <subfield code="a">NYUACO</subfield>
         <subfield code="d">20150421</subfield>
         <subfield code="p">31924068107055</subfield>
      </datafield>
      <datafield tag="950" ind1=" " ind2=" ">
         <subfield code="a">DS248.M5</subfield>
         <subfield code="b">S18</subfield>
         <subfield code="v">juz1 </subfield>
      </datafield>
   </record>
</collection>
